3517 6142
399 813 439 860 vr
498 823 502 840 ι
786 788 1071 872 PRAEFATIO.

401 974 506 1054 omni
527 966 664 1064 ,dnbio
699 971 849 1048 liberos.
915 979 1062 1059 Novas,
1110 1001 1209 1074 quae
1255 982 1352 1056 mibi
1398 989 1454 1059 vi·

325 1131 329 1158 ¹
401 1128 461 1176 sne
481 1118 569 1173 sunt
590 1098 746 1195 species,
772 1099 1018 1199 nondumque
1042 1103 1259 1205 descriptas,
1289 1112 1453 1211 descrip-

402 1234 506 1305 tione
535 1228 735 1302 illustravi.
803 1230 865 1318 Sic
893 1232 1108 1331 catalogum
1143 1260 1257 1331 quem
1289 1242 1454 1313 maxime

402 1363 614 1432 accuratum
640 1355 746 1427 horti
769 1357 908 1431 lectori
925 1343 1078 1433 tradere
1099 1363 1240 1436 studui.
1291 1368 1329 1438 Si
1352 1393 1455 1440 erro.

399 1509 457 1561 res
474 1485 657 1568 commisi,
682 1486 852 1584 ignoscat
866 1487 988 1560 lector
1003 1505 1042 1561 et
1056 1492 1222 1586 pensitet
1248 1496 1349 1566 ultre
1367 1517 1457 1593 qun·

399 1635 458 1690 ter
478 1614 584 1687 mille
605 1614 743 1710 species
765 1615 804 1686 in
826 1616 1021 1710 prioribus
1042 1619 1147 1690 bisce
1178 1620 1309 1696 ‹lecem
1331 1623 1455 1694 classi·

399 1743 469 1819 bns
492 1745 605 1816 luisse
627 1741 924 1817 considerandae

398 1899 404 1922 ¹
502 1887 715 1990 synony'inn
739 1921 856 1992 pauca
871 1895 1022 1993 addidi3
1048 1909 1195 1995 semper
1213 1875 1275 1970 W.
1289 1904 1331 1972 E.
1349 1895 1454 1995 quod

399 2019 587 2122 significat
610 2023 857 2099 Willtlenowi
879 2029 1212 2118 Enumeratinnem
1243 2027 1358 2098 Horti
1386 2026 1453 2096 bo·

399 2151 515 2225 tonici
532 2149 779 2224 berolinensis
796 2172 860 2224 aut
884 2157 946 2225 W.
971 2159 1069 2226 E.·S.
1092 2153 1340 2226 Willdenowi
1355 2158 1454 2223 Enn-

298 2357 302 2364 ,
344 2263 349 2272 ’
400 2269 616 2354 merntion'is
634 2275 795 2386 hujusce
825 2283 1147 2378 Supplementum.
1197 2284 1295 2357 Dein
1316 2286 1376 2353 W.
1391 2286 1452 2375 Sp.

398 2410 545 2510 Species
568 2399 784 2514 plantarum
797 2410 968 2483 'Iinnnei
988 2437 1035 2484 ex
1057 2411 1223 2482 editione
1243 2409 1455 2482 Willdeno·

398 2540 481 2626 wii,
498 2563 568 2612 nec
587 2521 729 2638 non'li.
753 2541 786 2611 S.
813 2541 989 2611 Roen'teri
1013 2556 1051 2610 et
1072 2537 1270 2610 Scbultesii
1288 2542 1453 2628 systema
1491 2527 1494 2532 ¹

275 2753 278 2764 Ι
397 2661 676 2765 vegetabilium
695 2665 977 2759 amplissimum.
1030 2666 1189 2761 Reliqua
1207 2691 1227 2735 e
1248 2668 1375 2759 paucis
1390 2662 1451 2735 lit·

398 2793 491 2898 teris
537 2791 761 2888 conscriptis
796 2793 920 2866 lector
962 2792 1154 2866 librorum
1190 2793 1476 2866 liotsnicorum'·

397 2917 501 2996 baud
518 2920 674 3024 ignarus
699 2919 808 2992 facile
828 2920 1026 3019 intelliget.

495 3073 664 3174 Nonrina
684 3095 860 3196 specifica
881 3099 1053 3196 antique,
1080 3116 1262 3196 quantum
1283 3096 1370 3178 fieri
1382 3121 1451 3193 po·

398 3227 475 3302 tuit
501 3228 644 3300 retinui
675 3246 713 3298 et
742 3227 912 3312 restitui,
956 3228 1143 3298 rarissime
1179 3244 1326 3300 mutare
1351 3225 1453 3296 mihi

398 3354 566 3456 permisi.
616 3356 654 3428 Si
685 3357 825 3454 species
853 3354 1063 3429 Linnseie
1095 3353 1371 3427 successoribus
1407 3348 1453 3421 in

400 3483 489 3572 alins
517 3499 597 3555 erat
623 3483 839 3568 distribute,
865 3507 1007 3556 nomen
1024 3484 1284 3556 Linnaennum
1303 3503 1379 3552 non
1393 3502 1453 3572 re·

400 3610 493 3708 peti,
513 3610 609 3684 bene
622 3628 798 3684 monente
810 3613 967 3708 Hoppio
982 3631 1021 3684 et
1040 3636 1117 3684 non
1144 3612 1240 3684 bene
1261 3585 1452 3680 renitente

400 3736 683 3812 Willdenowio.
746 3742 808 3813 Sic
850 3742 1052 3833 Myoeotin
1090 3740 1297 3836 palustrem
1338 3756 1450 3806 voca·

399 3865 440 3940 vi
467 3890 538 3940 neo
566 3867 845 3966 scorpioidem,
886 3894 974 3942 cum
1003 3867 1195 3962 Myosotir
1217 3860 1450 3962 scorpioides

399 3994 564 4072 Limei
585 4011 623 4067 et
644 3998 734 4070 alias
756 3993 1053 4097 comprehendet
1072 3994 1224 4092 species.

497 4151 687 4248 Generum
710 4173 1018 4249 distributionem
1039 4175 1199 4246 lectores
1225 4191 1344 4266 aequo
1375 4168 1453 4237 ani·

401 4323 465 4376 mo
488 4271 683 4398 accipiant.
732 4310 826 4377 Eam
848 4327 962 4402 quam
982 4302 1107 4374 animo
1129 4299 1296 4393 concepi,
1322 4297 1361 4365 in
1376 4295 1453 4366 boc

405 4431 591 4526 opusculo
616 4436 727 4509 nolui
756 4455 993 4530 proponere,
1019 4451 1115 4527 quse
1131 4429 1270 4523 absque
1299 4424 1452 4521 prolixo

404 4579 576 4635 sermone
602 4591 672 4639 nec
700 4563 885 4660 explicari
917 4582 988 4633 nec
1023 4553 1240 4631 confirmari
1273 4553 1454 4651 potuerit.

402 4691 508 4765 lnter
526 4695 720 4795 ntiquom
740 4708 780 4769 et
797 4690 1042 4766 novissimam
1054 4684 1365 4760 distributionem
1374 4703 1455 4753 me·
