3517 6142
372 811 409 860 rr
700 779 1035 850 ...mamm
1084 841 1092 850 .

472 967 584 1066 Quod
604 989 692 1037 vero
706 963 1015 1058 supplementum
1044 992 1120 1037 non
1141 971 1269 1062 paucis
1298 976 1421 1044 nomi·

371 1097 482 1172 nibus
519 1095 642 1166 dubiis
677 1111 714 1162 et
748 1109 857 1162 antea
892 1092 1071 1164 inauditis
1107 1093 1289 1170 refertum
1323 1120 1418 1171 erat.

369 1223 556 1320 Quaedam
577 1223 616 1292 in
639 1220 752 1289 horto
784 1222 1032 1290 occurrebant
1055 1221 1206 1314 plantae
1225 1225 1328 1297 bisce
1350 1252 1420 1297 no·

367 1349 532 1422 minibus
556 1346 784 1440 designatae,
811 1363 867 1416 sat
890 1347 1089 1417 distinctae
1111 1363 1149 1415 et
1174 1347 1282 1423 facile
1296 1353 1421 1424 deter-

367 1475 574 1559 minandae,
603 1475 669 1546 sed
708 1473 802 1542 aliae
847 1473 888 1544 in
924 1475 1039 1544 horto
1069 1497 1146 1542 non
1183 1479 1419 1552 colebantur.

366 1601 420 1676 Ad
436 1601 654 1674 herbarium
673 1602 802 1696 itaque
822 1600 1185 1696 ‚Willdenowianurn
1200 1604 1419 1700 confugien-

365 1729 457 1802 dum
478 1746 558 1800 erat
586 1729 698 1826 Regis
720 1723 982 1798 munificentia
1005 1746 1263 1822 comparatum
1289 1749 1327 1799 et
1349 1757 1429 1826 pu.-

364 1853 466 1928 blico
500 1855 586 1925 usui
614 1855 855 1925 destinatum.
907 1857 1037 1924 Multa
1075 1853 1190 1924 dubia
1233 1856 1322 1926 binc
1360 1879 1418 1926 so-

363 1981 443 2054 luta
463 1999 564 2067 sunt,
592 1982 713 2053 multa
737 1997 957 2077 supersunt,
980 1983 1068 2076 quia
1091 1983 1308 2073 plantarum
1336 2007 1418 2076 spe·

363 2108 501 2202 cimina
527 2110 569 2182 in
595 2109 772 2200 herbario
801 2110 891 2196 alias
921 2095 1109 2180 ditissimo
1137 2129 1216 2176 non
1244 2106 1416 2194 aderant,

361 2259 555 2332 umqum
576 2238 705 2334 itaque
720 2233 949 2308 extricando.

371 2393 376 2446 :
458 2367 651 2460 Naugerus
678 2365 894 2462 plantarum
913 2363 955 2434 in
979 2361 1056 2430 hoc
1077 2360 1262 2456 opusculo
1285 2382 1414 2429 recen.

356 2488 528 2580 sitarum,
554 2493 782 2591 computatis
798 2490 992 2564 erroribus
1006 2488 1301 2582 typographicis,
1327 2509 1417 2560 nam

362 2613 1077 2711 dificilefuitinlibroimpressoseriem
1086 2610 1418 2685 numerorumabs.

356 2765 432 2840 que
445 2744 592 2814 mendis
611 2747 847 2822 continuare,
862 2757 918 2808 est
932 2756 1045 2827 5545.
1063 2744 1210 2805 Auctus
1221 2739 1414 2835 estitaque

355 2869 493 2944 hortus
513 2888 642 2954 noster
656 2887 743 2968 post
760 2883 927 2950 mortem
939 2862 1203 2934 Willdenon‘ii
1216 2867 1412 2959 speciebus

353 2995 569 3096 plausuum
595 2997 642 3070 ad
672 2999 803 3078 clauses
831 2991 963 3058 decem
1001 2991 1147 3084 priores
1190 2995 1410 3082 Systemuis

352 3113 773 3206 Πωιῃυίιθῐέτθηᾶἰε
787 3124 897 3212 1454.
913 3115 986 3189 Sed
1000 3117 1145 3188 multae
1160 3119 1254 3188 aliae
1275 3121 1411 3193 adsunt

351 3251 504 3342 plantae
524 3257 591 3311 aut
619 3263 812 3337 capcnses,
837 3259 905 3314 aut
934 3245 1171 3317 brasilienses
1197 3247 1314 3317 nullis
1343 3276 1410 3324 no·

353 3367 521 3446 minibus
554 3367 776 3466 insignitae,
830 3397 927 3468 quae
957 3371 1130 3447 nondum
1162 3372 1328 3446 floruere
1370 3397 1410 3448 et

352 3520 441 3596 quat
469 3496 566 3572 banc
586 3493 637 3569 ob
660 3521 807 3571 causam
830 3501 1049 3575 nominibus
1071 3504 1148 3574 rite
1176 3500 1409 3598 distinguere

352 3623 577 3734 nonalionit·
626 3624 776 3700 Adsunt
806 3653 883 3702 non
914 3653 1053 3726 paucae
1074 3629 1172 3700 aliae
1189 3627 1315 3700 dubiis
1345 3629 1406 3698 de·

351 3737 517 3852 ⁸igtntttc
538 3751 770 3842 nominibus,
803 3757 855 3830 ob
869 3757 985 3832 ¹floris
1007 3756 1216 3842 deiectum,
1239 3773 1304 3827 aut
1323 3757 1407 3827 her·

351 3880 441 3962 bern
469 3905 549 3954 non
578 3884 677 3978 setis
694 3886 890 3978 evolutam
918 3905 958 3958 et
986 3885 1210 3980 perfectam,
1248 3885 1406 3955 minime

279 4053 282 4060 ,
336 4001 666 4104 'determinandae
698 4015 897 4087 Ericarum
911 4015 1047 4084 seriem
1066 4038 1098 4083 e.
1114 4037 1150 4110 g.
1166 4009 1298 4102 adjeci,
1313 4036 1403 4107 quae

348 4135 569 4216 nominibus
590 4139 699 4214 novis
722 4143 953 4237 accepimus,
976 4156 1016 4210 at
1036 4138 1197 4222 floribus
1217 4163 1294 4214 non
1314 4141 1404 4210 visis

348 4261 460 4362 aditi
480 4268 647 4340 numeris
674 4267 917 4366 distinguere.

431 4389 618 4484 idonim
645 4396 742 4466 mihi
762 4396 926 4478 maxime
962 4420 1075 4468 curae
1104 4393 1284 4498 cordique
1315 4393 1402 4478 fuit,

349 4531 396 4608 nt
415 4521 558 4614 species
580 4540 753 4596 accurate
803 4523 997 4596 distinctas
1041 4519 1304 4594 tantununodo
1344 4545 1401 4596 re·

351 4666 550 4723 censerem.
603 4650 813 4748 Specimina
833 4652 875 4726 in
895 4652 1010 4725 horto
1028 4667 1093 4722 eut
1115 4651 1400 4760 rb‚01napectore
